A00000000182445000001   0202300100300                    CAD                                                                                                                                                                                                                                                                                                                                                                                                                                                                                                                                                                                                                                                                                                                                                                                                                                                                                                                                                                                                                                                                                                                                                                                                                                                                                                                                                                                                                                                              
C00000000282445000002   40100002070000230010004773486015165     0000000000000000000000000WESTERN RENTAL ZIMING LIU                    WESTERN RENTAL                824450000010-15850 26 AVE    000000000                                                              
C00000000382445000003   40100004348000230010001272603897649     0000000000000000000000000WESTERN RENTAL PATRICK MIRLACH               WESTERN RENTAL                824450000010-3597 MALSUM DRIV000000000                                                              
C00000000482445000004   401000026910002300100040377083106386934 0000000000000000000000000WESTERN RENTAL Valentin-Cristian Cernica     WESTERN RENTAL                82445000001002-188 KEEFER    000000000                                                              
C00000000582445000005   40100003045000230010003000105850946     0000000000000000000000000WESTERN RENTAL BILLY RIVALDO                 WESTERN RENTAL                82445000001003-5628 BIRNEY   000000000                                                              
C00000000682445000006   40100002680000230010010059106464130     0000000000000000000000000WESTERN RENTAL SEYEDMOHAMADREZ               WESTERN RENTAL                82445000001004-4178 Dawson   000000000                                                              
C00000000782445000007   401000021420002300100048318983186664445 0000000000000000000000000WESTERN RENTAL DANIEL KLIVANSKY              WESTERN RENTAL                82445000001006-1441 JOHNSTON 000000000                                                              
C00000000882445000008   40100002741000230010003073605405147     0000000000000000000000000WESTERN RENTAL LEE BUSKILA                   WESTERN RENTAL                82445000001008-1441 Johnston 000000000                                                              
C00000000982445000009   40100002300000230010002018001453785     0000000000000000000000000WESTERN RENTAL NINA VANISHVILI               WESTERN RENTAL                82445000001008-1955 Alpha    000000000                                                              
C000000010824450000010  4010000223300023001001610220542708150   0000000000000000000000000WESTERN RENTAL KWOK HUNG NG                  WESTERN RENTAL                82445000001008-4688 KINSWAY  000000000                                                              
C000000011824450000011  40100003200000230010010011637563736     0000000000000000000000000WESTERN RENTAL GEORGINA COLLINS              WESTERN RENTAL                8244500000101-1129 PIPELINE  000000000                                                              
C000000012824450000012  40100002000000230010809072301000655401170000000000000000000000000WESTERN RENTAL ERICA BAUER                   WESTERN RENTAL                8244500000101-469 King Edward000000000                                                              
C000000013824450000013  40100003200000230010003033805039334     0000000000000000000000000WESTERN RENTAL DANIEL SMART                  WESTERN RENTAL                8244500000101-5983 Gray Ave  000000000                                                              
C000000014824450000014  40100003500000230010004119226310900     0000000000000000000000000WESTERN RENTAL JULIAN JASON ARTJUKOW         WESTERN RENTAL                82445000001012-777 Richards  000000000                                                              
C000000015824450000015  40100001989000230010004073606363231     0000000000000000000000000WESTERN RENTAL SARAH-JOY KRATSCHMER          WESTERN RENTAL                824450000010135 145 st       000000000                                                              
C000000016824450000016  40100002100000230010002206100396427     0000000000000000000000000WESTERN RENTAL Serena I Cheong               WESTERN RENTAL                82445000001016-1768 Cook     000000000                                                              
C000000017824450000017  40100003136000230010004017006247935     0000000000000000000000000WESTERN RENTAL ROBERT EDWARD JONES           WESTERN RENTAL                824450000010175 145 ST SURREY000000000                                                              
C000000018824450000018  401000035000002300100049400009026184672 0000000000000000000000000WESTERN RENTAL SE HYUN JIN                   WESTERN RENTAL                82445000001018 Rochester     000000000                                                              
C000000019824450000019  40100001800000230010010030005543584     0000000000000000000000000WESTERN RENTAL JACQUELINE TOBIN              WESTERN RENTAL                8244500000102-1005 Brough    000000000                                                              
C000000020824450000020  40100002691000230010004076205022634     0000000000000000000000000WESTERN RENTAL Angie L Fancher               WESTERN RENTAL                824450000010240 144 A        000000000                                                              
C000000021824450000021  40100002400000230010003036105432133     0000000000000000000000000WESTERN RENTAL JINAN KEKA TOMA KALW          WESTERN RENTAL                824450000010331 155A St      000000000                                                              
C000000022824450000022  40100001725000230010002702500411728     0000000000000000000000000WESTERN RENTAL NAVJIT KAUR                   WESTERN RENTAL                8244500000104-6688 120 St    000000000                                                              
C000000023824450000023  401000013500002300100040566084176643691 0000000000000000000000000WESTERN RENTAL SHIKUAN FENG                  WESTERN RENTAL                82445000001040-4000 No3      000000000                                                              
C000000024824450000024  40100002000000230010809273206100028441990000000000000000000000000WESTERN RENTAL Nobuhiro Ohno                 WESTERN RENTAL                8244500000105-7291 Moffatt   000000000                                                              
C000000025824450000025  40100001725000230010002232001559028     0000000000000000000000000WESTERN RENTAL WAN-SHING-MARTIN WANG         WESTERN RENTAL                8244500000105-9388 Tomicki   000000000                                                              
C000000026824450000026  401000023800002300100040152074936937418 0000000000000000000000000WESTERN RENTAL Niyaz Puzhikkunnath           WESTERN RENTAL                824450000010540 SKAGIT DR    000000000                                                              
C000000027824450000027  40100002943500230010001083803978415     0000000000000000000000000WESTERN RENTAL Dylan Dahl                    WESTERN RENTAL                8244500000106-6633 PEARSON   000000000                                                              
C000000028824450000028  40100001800000230010010026105482585     0000000000000000000000000WESTERN RENTAL SURESH RAJ PANT               WESTERN RENTAL                824450000010771 Rochdale     000000000                                                              
C000000029824450000029  40100002800000230010010014207827180     0000000000000000000000000WESTERN RENTAL Jagrit Batra                  WESTERN RENTAL                82445000001081 Lombardy      000000000                                                              
C000000030824450000030  40100001966000230010004008606486148     0000000000000000000000000WESTERN RENTAL Ehsan Ghotbi                  WESTERN RENTAL                82445000001083 DUCHESS-BSMT  000000000                                                              
C000000031824450000031  40100002500000230010004919806051721     0000000000000000000000000WESTERN RENTAL GARVIT KALRA                  WESTERN RENTAL                8244500000109-5649 Kings     000000000                                                              
C000000032824450000032  401000030600002300100028303025917       0000000000000000000000000WESTERN RENTAL Catman Roofing and WaterproofiWESTERN RENTAL                824450000010938 166 A ST     000000000                                                              
C000000033824450000033  40100002700000230010004773686690940     0000000000000000000000000WESTERN RENTAL HENRY ZHU                     WESTERN RENTAL                8244500000110-9233 Odlin     000000000                                                              
C000000034824450000034  40100002537000230010004940006672995     0000000000000000000000000WESTERN RENTAL Karim Safa                    WESTERN RENTAL                82445000001102-1351 Continen 000000000                                                              
C000000035824450000035  4010000330970023001001610070640394150   0000000000000000000000000WESTERN RENTAL Suk Ying Jennifer Hui         WESTERN RENTAL                82445000001105-3487 BINNING R000000000                                                              
C000000036824450000036  40100002600000230010002404101513184     0000000000000000000000000WESTERN RENTAL PEDRO REYES                   WESTERN RENTAL                82445000001106-6463 silver   000000000                                                              
C000000037824450000037  40100002009000230010004015206981727     0000000000000000000000000WESTERN RENTAL JINA FAOUR                    WESTERN RENTAL                82445000001107-6333 KATSURA S000000000                                                              
C000000038824450000038  40100002300000230010010070208581894     0000000000000000000000000WESTERN RENTAL JISU KIM                      WESTERN RENTAL                82445000001108-1955 Alpha    000000000                                                              
C000000039824450000039  40100003600000230010004927506266685     0000000000000000000000000WESTERN RENTAL YOONJUNG JO                   WESTERN RENTAL                824450000011089 157A         000000000                                                              
C000000040824450000040  40100002587000230010001062643931285     0000000000000000000000000WESTERN RENTAL Mehdi Farshin                 WESTERN RENTAL                8244500000111-5788 BIRNEY    000000000                                                              
C000000041824450000041  40100001218000230010003021465030911     0000000000000000000000000WESTERN RENTAL JIAZHI CHANG                  WESTERN RENTAL                82445000001110-6538 NELSON AV000000000                                                              
C000000042824450000042  40100001180000230010003003205399167     0000000000000000000000000WESTERN RENTAL PUYUE LI                      WESTERN RENTAL                82445000001110-6538 NEL-2nd  000000000                                                              
C000000043824450000043  40100002700000230010010030225534380     0000000000000000000000000WESTERN RENTAL MUHAMMAD QURESHI              WESTERN RENTAL                82445000001112-8160 MCMYN    000000000                                                              
C000000044824450000044  40100003060000230010001206503943637     0000000000000000000000000WESTERN RENTAL SHAWNA LEE-ANN IMESON         WESTERN RENTAL                824450000011136 160A St      000000000                                                              
C000000045824450000045  40100004200000230010003020805092093     0000000000000000000000000WESTERN RENTAL MARK SULLIVAN                 WESTERN RENTAL                824450000011145 237St        000000000                                                              
C000000046824450000046  40100001900000230010002232001316087     0000000000000000000000000WESTERN RENTAL ABENEZER CHANE                WESTERN RENTAL                82445000001155 Renfrew-LW    000000000                                                              
C000000047824450000047  40100002200000230010010068108917930     0000000000000000000000000WESTERN RENTAL DIANA LOZANO                  WESTERN RENTAL                82445000001155 Renfrew-BSMT  000000000                                                              
C000000048824450000048  40100002400000230010002603500556122     0000000000000000000000000WESTERN RENTAL LUIS RODRIGO ALBA BERTIN      WESTERN RENTAL                82445000001155-38 SMITHE     000000000                                                              
C000000049824450000049  40100002380000230010003028305156344     0000000000000000000000000WESTERN RENTAL Eliza Dictado                 WESTERN RENTAL                8244500000116-10538 153 ST   000000000                                                              
C000000050824450000050  40100002758000230010809196201810014165690000000000000000000000000WESTERN RENTAL Robert Gottschalk             WESTERN RENTAL                824450000011739 CHATEAU WYND 000000000                                                              
C000000051824450000051  40100003500000230010010029507109334     0000000000000000000000000WESTERN RENTAL ROBERT LEONE                  WESTERN RENTAL                824450000012-1349 Hames      000000000                                                              
C000000052824450000052  40100002600000230010003004905060553     0000000000000000000000000WESTERN RENTAL JEFFREY LEW                   WESTERN RENTAL                82445000001201-7362 ELMBRIDGE000000000                                                              
C000000053824450000053  40100001568000230010003000105812045     0000000000000000000000000WESTERN RENTAL Alexey Alekhin                WESTERN RENTAL                82445000001202-13655 Fraser  000000000                                                              
C000000054824450000054  40100004200000230010010008106344038     0000000000000000000000000WESTERN RENTAL Yijun Gao                     WESTERN RENTAL                82445000001202-5410 Shortcut 000000000                                                              
C000000055824450000055  40100002600000230010003008635001318     0000000000000000000000000WESTERN RENTAL RONALD PATRICK ANSELL         WESTERN RENTAL                82445000001203-1501 Foster   000000000                                                              
C000000056824450000056  40100002500000230010003073601028802     0000000000000000000000000WESTERN RENTAL GOGOWHIZ EDTECH INC           WESTERN RENTAL                82445000001203-3233 Ketcheson000000000                                                              
C000000057824450000057  40100002943000230010004055606771972     0000000000000000000000000WESTERN RENTAL Kim Chen                      WESTERN RENTAL                82445000001204-5177 Brighouse000000000                                                              
C000000058824450000058  40100002350000230010004945006094108     0000000000000000000000000WESTERN RENTAL CYNTHIA ANNE WILLIAMS         WESTERN RENTAL                82445000001205-1833 Crowe    000000000                                                              
C000000059824450000059  40100002448000230010010005006721834     0000000000000000000000000WESTERN RENTAL VERAS VALENTIM GEORGE         WESTERN RENTAL                82445000001206-7373 Westmi   000000000                                                              
C000000060824450000060  40100002800000230010004016996382782     0000000000000000000000000WESTERN RENTAL KENNEDY J DYCK                WESTERN RENTAL                82445000001207-7888 Saba     000000000                                                              
C000000061824450000061  40100002277000230010001387703035129     0000000000000000000000000WESTERN RENTAL Wenqing Xie                   WESTERN RENTAL                82445000001208-6951 ELMBRIDGE000000000                                                              
C000000062824450000062  40100003600000230010004004705188240     0000000000000000000000000WESTERN RENTAL MATTHEW JOHN CERVI            WESTERN RENTAL                8244500000122-4280 MONCTON   000000000                                                              
C000000063824450000063  40100003312000230010010009007247680     0000000000000000000000000WESTERN RENTAL David Murgatroyd              WESTERN RENTAL                824450000012331 TRITES RD    000000000                                                              
C000000064824450000064  40100001500000230010809165601000649813790000000000000000000000000WESTERN RENTAL EWAN FAFARD                   WESTERN RENTAL                824450000012595 Carr St      000000000                                                              
C000000065824450000065  4010000365400023001001610070658145150   0000000000000000000000000WESTERN RENTAL KEI HUNG JOHN LAW             WESTERN RENTAL                82445000001300-3200 Corvette 000000000                                                              
C000000066824450000066  40100002100000230010010026105360498     0000000000000000000000000WESTERN RENTAL Yuhao Han                     WESTERN RENTAL                82445000001301-5508 Holly    000000000                                                              
C000000067824450000067  40100004060000230010010018006804985     0000000000000000000000000WESTERN RENTAL RONAN QUILL                   WESTERN RENTAL                82445000001306-1708 ONTARIO  000000000                                                              
C000000068824450000068  40100003450000230010001212713871111     0000000000000000000000000WESTERN RENTAL PEGAH MESBAHI                 WESTERN RENTAL                82445000001307-3533 ROSS DR  000000000                                                              
C000000069824450000069  40100002550000230010010059106441734     0000000000000000000000000WESTERN RENTAL Kyungho Lee                   WESTERN RENTAL                82445000001307-450 Westview  000000000                                                              
C000000070824450000070  40100002550000230010004021726617097     0000000000000000000000000WESTERN RENTAL JESMEET SINGH NARANG          WESTERN RENTAL                82445000001308-450 Westview  000000000                                                              
C000000071824450000071  40100002587000230010001023613236599     0000000000000000000000000WESTERN RENTAL Jeffrey Reid                  WESTERN RENTAL                824450000013154 15A AVE      000000000                                                              
C000000072824450000072  40100002030000230010004960809185224957  0000000000000000000000000WESTERN RENTAL Yaju Management Company LimiteWESTERN RENTAL                82445000001316-7988 ACKROYD  000000000                                                              
C000000073824450000073  40100002350000230010002603500223581     0000000000000000000000000WESTERN RENTAL LEIDY YALILE LIZCANO          WESTERN RENTAL                82445000001335 LW W 46A      000000000                                                              
C000000074824450000074  401000030852002300100049702009536342356 0000000000000000000000000WESTERN RENTAL KEVIN JOSEPH TIERNEY          WESTERN RENTAL                824450000013453 Balsam St    000000000                                                              
C000000075824450000075  401000028420002300100049993009516419327 0000000000000000000000000WESTERN RENTAL R L CEDAR                     WESTERN RENTAL                824450000013569 15A AVENUE   000000000                                                              
C000000076824450000076  40100001300000230010001387703060797     0000000000000000000000000WESTERN RENTAL YAN LING LIU                  WESTERN RENTAL                824450000013636 30Ave        000000000                                                              
C000000077824450000077  40100003208000230010001072403974530     0000000000000000000000000WESTERN RENTAL ROD CALLELE                   WESTERN RENTAL                824450000013736 18A AVE      000000000                                                              
C000000078824450000078  40100001811000230010001309703985421     0000000000000000000000000WESTERN RENTAL Ruoran Sun                    WESTERN RENTAL                82445000001401-488 SW        000000000                                                              
C000000079824450000079  40100002277000230010003056005255690     0000000000000000000000000WESTERN RENTAL CAMILE DO SANTOS MACHADO      WESTERN RENTAL                82445000001401-6288 CASSIE   000000000                                                              
C000000080824450000080  40100002233000230010010070208543232     0000000000000000000000000WESTERN RENTAL Miran Jeong                   WESTERN RENTAL                82445000001404-652 Whiting   000000000                                                              
C000000081824450000081  40100003084000230010003065505450796     0000000000000000000000000WESTERN RENTAL Moreshwar Datye               WESTERN RENTAL                82445000001405-565 SMITHE    000000000                                                              
C000000082824450000082  40100002300000230010010000106659381     0000000000000000000000000WESTERN RENTAL Juliet Hone                   WESTERN RENTAL                82445000001406-1788 Columbia 000000000                                                              
C000000083824450000083  40100002300000230010001098503854949     0000000000000000000000000WESTERN RENTAL PRANAV DESAI                  WESTERN RENTAL                82445000001407-9887 Whalley  000000000                                                              
C000000084824450000084  40100004200000230010002232001637185     0000000000000000000000000WESTERN RENTAL TARINI BOPARAI                WESTERN RENTAL                82445000001410-3487 BINNING  000000000                                                              
C000000085824450000085  4010000297300023001000201180544922      0000000000000000000000000WESTERN RENTAL Ashish Verma                  WESTERN RENTAL                824450000014137 16A AVE      000000000                                                              
C000000086824450000086  40100001500000230010002305100604887     0000000000000000000000000WESTERN RENTAL ANA M ALVAREZ-TORO            WESTERN RENTAL                82445000001438 W 57TH-BSMT   000000000                                                              
C000000087824450000087  40100005176000230010003068405276886     0000000000000000000000000WESTERN RENTAL Dirk Cadlick                  WESTERN RENTAL                82445000001439 SHAY STREET   000000000                                                              
C000000088824450000088  40100002587000230010004999306697629     0000000000000000000000000WESTERN RENTAL Kevyn Oyhenart                WESTERN RENTAL                824450000014486 NORTH BLUFF  000000000                                                              
C000000089824450000089  40100003571000230010010014207740832     0000000000000000000000000WESTERN RENTAL Assad Wasfi                   WESTERN RENTAL                82445000001461 HOCKADAY ST   000000000                                                              
C000000090824450000090  40100002639000230010001078403957494     0000000000000000000000000WESTERN RENTAL Jennifer Griffiths            WESTERN RENTAL                824450000014632 18A AVE      000000000                                                              
C000000091824450000091  40100001000000230010002236300016128     0000000000000000000000000WESTERN RENTAL KIMBERLY Y A PREST            WESTERN RENTAL                82445000001464 VIDAL ST-LW   000000000                                                              
C000000092824450000092  401000010200002300100022363016128       0000000000000000000000000WESTERN RENTAL MR KIMBERLY PREST             WESTERN RENTAL                82445000001466 VIDAL ST-LOWER000000000                                                              
C000000093824450000093  40100003623000230010001256903016363     0000000000000000000000000WESTERN RENTAL VALERIE-ANNE LEE              WESTERN RENTAL                824450000014721 GOGGS AVE    000000000                                                              
C000000094824450000094  40100001242360230010004026305969760     0000000000000000000000000WESTERN RENTAL MANNRAJ SINGH PANNU           WESTERN RENTAL                824450000014861 34A Ave      000000000                                                              
C000000095824450000095  40100002380000230010003080885020565     0000000000000000000000000WESTERN RENTAL Ching Hsien Tang              WESTERN RENTAL                82445000001501-3096 WINDSOR  000000000                                                              
C000000096824450000096  40100002277000230010010028005545188     0000000000000000000000000WESTERN RENTAL Joenalene Signo               WESTERN RENTAL                82445000001501-3131 KETCHESON000000000                                                              
C000000097824450000097  40100001900000230010001333003977936     0000000000000000000000000WESTERN RENTAL HYOYEON BAE                   WESTERN RENTAL                82445000001503-1618 Quebe-1  000000000                                                              
C000000098824450000098  40100001900000230010001271203877590     0000000000000000000000000WESTERN RENTAL NING ZHOU                     WESTERN RENTAL                82445000001503-1618 Quebec-2 000000000                                                              
C000000099824450000099  40100003500000230010001088803988003     0000000000000000000000000WESTERN RENTAL CHU HAN ZHENG                 WESTERN RENTAL                82445000001503-3333 Sexsmith 000000000                                                              
C0000001008244500000100 40100005100000230010003000025610316     0000000000000000000000000WESTERN RENTAL STEPHEN KAR SHING CHANG       WESTERN RENTAL                82445000001504-1111 Richards 000000000                                                              
C0000001018244500000101 40100003700000230010001080703916825     0000000000000000000000000WESTERN RENTAL AIXIN WANG                    WESTERN RENTAL                82445000001506-5868 Agronomy 000000000                                                              
C0000001028244500000102 40100003200000230010002832200114383     0000000000000000000000000WESTERN RENTAL ALFONSO RIOS+SUAREZ           WESTERN RENTAL                82445000001507 159 W 2ND     000000000                                                              
C0000001038244500000103 40100002300000230010003012005074034     0000000000000000000000000WESTERN RENTAL SARGON YOUASH LAZAR KHANA     WESTERN RENTAL                82445000001507-3093 Windsor  000000000                                                              
C0000001048244500000104 40100002173000230010004907006610628     0000000000000000000000000WESTERN RENTAL Seo Youn Park                 WESTERN RENTAL                82445000001508-6333 SILVER   000000000                                                              
C0000001058244500000105 40100004658000230010003085805068101     0000000000000000000000000WESTERN RENTAL James D Thistlethwaite        WESTERN RENTAL                824450000015081 BUENA-UPPER  000000000                                                              
C0000001068244500000106 40100003105000230010003000015664214     0000000000000000000000000WESTERN RENTAL Fouad Badran                  WESTERN RENTAL                82445000001509 W 59TH        000000000                                                              
C0000001078244500000107 40100001940000230010809164101000789218430000000000000000000000000WESTERN RENTAL CYRUS BABAIE                  WESTERN RENTAL                82445000001510-1060 Alberni  000000000                                                              
C0000001088244500000108 40100003105000230010004054706685782     0000000000000000000000000WESTERN RENTAL HARPREET SINGH GILL           WESTERN RENTAL                824450000015176 81A          000000000                                                              
C0000001098244500000109 40100001928000230010010069628092737     0000000000000000000000000WESTERN RENTAL Lindsay James                 WESTERN RENTAL                82445000001523-68 Smithe St  000000000                                                              
C0000001108244500000110 4010000138000023001001610710023278001   0000000000000000000000000WESTERN RENTAL ELECTRO MOTORS COMPANY LTD    WESTERN RENTAL                82445000001531 Shore-bsmt    000000000                                                              
C0000001118244500000111 40100002742000230010001098803054491     0000000000000000000000000WESTERN RENTAL Jane Hemming                  WESTERN RENTAL                824450000015457 POPLAR DR    000000000                                                              
C0000001128244500000112 40100003288000230010010001609389210     0000000000000000000000000WESTERN RENTAL Deadset Scooters INC.         WESTERN RENTAL                824450000015458 34 AVE       000000000                                                              
C0000001138244500000113 4010000263900023001000201180733229      0000000000000000000000000WESTERN RENTAL Farhan J Khan                 WESTERN RENTAL                824450000015489 22ND AVE     000000000                                                              
C0000001148244500000114 40100001449000230010004805596066445     0000000000000000000000000WESTERN RENTAL Tracey Lynn Albert            WESTERN RENTAL                824450000015494-Bmt VICTORIA 000000000                                                              
Z00000011582445000001   000000000000000000000000000029581876000001130000000000000000000000000000000000000000000000000000000000000000000000000000000000000000000000000000000000000000000000000000000000000000000000000000000000000000000000000000000000000000000000000000000000000000000000000000000000000000000000000000000000000000000000000000000000000000000000000000000000000000000000000000000000000000000000000000000000000000000000000000000000000000000000000000000000000000000000000000000000000000000000000000000000000000000000000000000000000000000000000000000000000000000000000000000000000000000000000000000000000000000000000000000000000000000000000000000000000000000000000000000000000000000000000000000000000000000000000000000000000000000000000000000000000000000000000000000000000000000000000000000000000000000000000000000000000000000000000000000000000000000000000000000000000000000000000000000000000000000000000000000000000000000000000000000000000000000000000000000000000000000000000000000000000000000000000000000000000000000000000000000000000000000000000000000000000000000000000000000000000000000000000000000000000000000000000000000000000000000000000000000000000000000000000000000000000000000000000000000000000000000000000000000000000000000000000000000000000000000000000000000000000000000000000000000000000000000000000000000000000000000000000000000000000000000000000000000000000000000000000000000000000000000000000000000000000000000000000000000000000000000000000000
